<record xmlns="http://www.loc.gov/MARC21/slim">
   <leader>03318cam a2200457 i 4500</leader>
   <controlfield tag="001">6815388</controlfield>
   <controlfield tag="003">OCoLC</controlfield>
   <controlfield tag="005">20150219154929.0</controlfield>
   <controlfield tag="008">141215t20152015nyu      b    001 0 eng  </controlfield>
   <datafield ind1=" " ind2=" " tag="010">
      <subfield code="a">  2014032938</subfield>
   </datafield>
   <datafield ind1=" " ind2=" " tag="020">
      <subfield code="a">9780807756171</subfield>
      <subfield code="q">pbk.</subfield>
   </datafield>
   <datafield ind1=" " ind2=" " tag="020">
      <subfield code="a">0807756172</subfield>
      <subfield code="q">pbk.</subfield>
   </datafield>
   <datafield ind1=" " ind2=" " tag="020">
      <subfield code="a">9780807756188</subfield>
      <subfield code="q">hardcover</subfield>
   </datafield>
   <datafield ind1=" " ind2=" " tag="020">
      <subfield code="a">0807756180</subfield>
      <subfield code="q">hardcover</subfield>
   </datafield>
   <datafield ind1=" " ind2=" " tag="020">
      <subfield code="z">9780807773512</subfield>
      <subfield code="q">electronic bk.</subfield>
   </datafield>
   <datafield ind1=" " ind2=" " tag="035">
      <subfield code="a">ocn891125161</subfield>
   </datafield>
   <datafield ind1=" " ind2=" " tag="040">
      <subfield code="a">DLC</subfield>
      <subfield code="b">eng</subfield>
      <subfield code="e">rda</subfield>
      <subfield code="c">DLC</subfield>
      <subfield code="d">YDX</subfield>
      <subfield code="d">BTCTA</subfield>
      <subfield code="d">BDX</subfield>
      <subfield code="d">YDXCP</subfield>
      <subfield code="d">CDX</subfield>
      <subfield code="d">UAB</subfield>
      <subfield code="d">AEU</subfield>
   </datafield>
   <datafield ind1=" " ind2=" " tag="042">
      <subfield code="a">pcc</subfield>
   </datafield>
   <datafield ind1=" " ind2=" " tag="043">
      <subfield code="a">n-us---</subfield>
   </datafield>
   <datafield ind1="0" ind2="0" tag="050">
      <subfield code="a">LC238</subfield>
      <subfield code="b">.F34 2015</subfield>
   </datafield>
   <datafield ind1="0" ind2="0" tag="082">
      <subfield code="a">378.1/03</subfield>
      <subfield code="2">23</subfield>
   </datafield>
   <datafield ind1=" " ind2=" " tag="090">
      <subfield code="a">LC 238 F34 2015</subfield>
      <subfield code="b">AEU</subfield>
   </datafield>
   <datafield ind1="0" ind2="0" tag="245">
      <subfield code="a">Faculty work and the public good :</subfield>
      <subfield code="b">philanthropy, engagement, and academic professionalism /</subfield>
      <subfield code="c">edited by Genevieve G. Shaker.</subfield>
   </datafield>
   <datafield ind1=" " ind2="1" tag="264">
      <subfield code="a">New York, NY :</subfield>
      <subfield code="b">Teachers College Press,</subfield>
      <subfield code="c">[2015]</subfield>
   </datafield>
   <datafield ind1=" " ind2="4" tag="264">
      <subfield code="c">©2015</subfield>
   </datafield>
   <datafield ind1=" " ind2=" " tag="300">
      <subfield code="a">xii, 289 pages ;</subfield>
      <subfield code="c">23 cm</subfield>
   </datafield>
   <datafield ind1=" " ind2=" " tag="336">
      <subfield code="a">text</subfield>
      <subfield code="b">txt</subfield>
      <subfield code="2">rdacontent</subfield>
   </datafield>
   <datafield ind1=" " ind2=" " tag="337">
      <subfield code="a">unmediated</subfield>
      <subfield code="b">n</subfield>
      <subfield code="2">rdamedia</subfield>
   </datafield>
   <datafield ind1=" " ind2=" " tag="338">
      <subfield code="a">volume</subfield>
      <subfield code="b">nc</subfield>
      <subfield code="2">rdacarrier</subfield>
   </datafield>
   <datafield ind1=" " ind2=" " tag="504">
      <subfield code="a">Includes bibliographical references and index.</subfield>
   </datafield>
   <datafield ind1="0" ind2=" " tag="505">
      <subfield code="a">Seeing philanthropy in faculty work : an introduction / Genevieve G. Shaker -- Voluntary action for public good? : faculty work and the broad definition of philanthropy / Michael Moody -- Recovering the original meaning of philanthropy : a prelude to consideration of the philanthropy of faculty work / Marty Sulek -- Philanthropy as motivator and meaning : reflections on academic work / Ann E. Austin -- Gifting time : faculty activities with a philanthropic orientation / Thomas F. Nelson-Laird -- Philanthropy without tenure / Genevieve G. Shaker -- Inherent philanthropy in multicultural faculty work at a research university / Emily L. Moore and J. Herman Blake -- Professors acting for the public good : beyond the "new normal" to the academy we choose / Gary Rhoades -- Faculty behaving well / Dwight F. Burlingame -- Faculty work as philanthropy : doing good and doing it well / Richard C. Turner -- Thought and action : faculty philanthropic contributions through the state humanities council movement in america / Elizabeth Lynn -- How do faculty in for-profit institutions serve the public good? / Denise Mott DeZolt -- Beyond the ivory tower : academic work in the 21st century / William G. Tierney and Jason F. Perkins -- Philanthropy and education faculty : renewing engagement with teachers and schools / Paul Shaker -- Faculty grassroots leadership as philanthropy / Adrianna Kezar and Sean Gehrke -- Community engagement : an expression of faculty philanthropy? / Jia G. Liang, Lorilee R. Sandmann, and Audrey J. Jaeger -- Reflections on the public good and academic professionalism / R. Eugene Rice, John Saltmarsh, and William M. Plater.</subfield>
   </datafield>
   <datafield ind1=" " ind2=" " tag="596">
      <subfield code="a">41</subfield>
   </datafield>
   <datafield ind1=" " ind2="0" tag="650">
      <subfield code="a">Community and college</subfield>
      <subfield code="z">United States.</subfield>
   </datafield>
   <datafield ind1=" " ind2="0" tag="650">
      <subfield code="a">Universities and colleges</subfield>
      <subfield code="z">United States</subfield>
      <subfield code="x">Public services.</subfield>
   </datafield>
   <datafield ind1=" " ind2="0" tag="650">
      <subfield code="a">College teaching</subfield>
      <subfield code="x">Social aspects</subfield>
      <subfield code="z">United States.</subfield>
   </datafield>
   <datafield ind1=" " ind2="0" tag="650">
      <subfield code="a">Learning and scholarship</subfield>
      <subfield code="x">Social aspects</subfield>
      <subfield code="z">United States.</subfield>
   </datafield>
   <datafield ind1=" " ind2="0" tag="650">
      <subfield code="a">College teachers</subfield>
      <subfield code="x">Workload</subfield>
      <subfield code="z">United States.</subfield>
   </datafield>
   <datafield ind1=" " ind2="0" tag="650">
      <subfield code="a">Public welfare.</subfield>
   </datafield>
   <datafield ind1="1" ind2=" " tag="700">
      <subfield code="a">Shaker, Genevieve G.,</subfield>
      <subfield code="e">editor.</subfield>
   </datafield>
   <datafield ind1=" " ind2=" " tag="949">
      <subfield code="a">LC 238 F34 2015</subfield>
      <subfield code="h">UAED-B</subfield>
      <subfield code="i">0162035245867</subfield>
   </datafield>
   <datafield ind1=" " ind2=" " tag="926">
      <subfield code="a">LC 238 F34 2015</subfield>
      <subfield code="w">LC</subfield>
      <subfield code="c">1</subfield>
      <subfield code="i">0162035245867</subfield>
      <subfield code="l">FLOOR_2</subfield>
      <subfield code="m">UAEDUC</subfield>
      <subfield code="p">$150.00</subfield>
      <subfield code="r">Y</subfield>
      <subfield code="s">Y</subfield>
      <subfield code="t">BOOK</subfield>
      <subfield code="u">3/4/2015</subfield>
   </datafield>
</record>
